@article{r_val,
    author = "Paul L. Delamater, Erica J. Street, Timothy F. Leslie, Y. Tony Yang, and Kathryn H. Jacobsen",
    title = "Complexity of the Basic Reproduction Number (R0)",
    year = "2019",
    doi = "10.3201/eid2501.171901"
    }
    
@online{k_val,
    author    = "Adam Kleczkowski",
    title     = "Is the K number the new R number? What you need to know",
    url       = "https://theconversation.com/is-the-k-number-the-new-r-number-what-you-need-to-know-140286",
    year      = "2020"
}

@online{uniform_dist,
    author    = "Wikipedia",
    title     = "Continuous uniform distribution",
    url       = "https://en.wikipedia.org/w/index.php?title=Continuous_uniform_distribution&oldid=992696393",
    year      = "2020"
}

@online{yt1,
    author    = "Grant Sanderson",
    title     = "Continuous uniform distribution",
    url       = "https://www.youtube.com/watch?v=gxAaO2rsdIs&t=995s",
    year      = "March 27, 2020"
}

@online{yt2,
    author    = "Grant Sanderson",
    title     = "Exponential growth and epidemics",
    url       = "https://www.youtube.com/watch?v=Kas0tIxDvrg",
    year      = "March 8, 2020"
}

@online{normal_dist,
    author    = "Wikipedia",
    title     = "Normal distribution",
    url       = "https://en.wikipedia.org/w/index.php?title=Normal_distribution&oldid=993112812",
    year      = "2020"
}

@online{sim_ref,
    author    = "Paul van Gent",
    title     = "Python COVID-19 ('Corona Virus') Simulation",
    url       = "https://github.com/paulvangentcom/python_corona_simulation",
    year      = "2020"
}

@article{influ_ref,
    author    = "Matthew Biggerstaff, Simon Cauchemez, Carrie Reed, Manoj Gambhir, and Lyn Finelli",
    title     = "Estimates of the reproduction number for seasonal, pandemic, and zoonotic influenza: a systematic review of the literature",
    year      = "2014",
    doi       = "10.1186/1471-2334-14-480"
}

@article{cov_ref,
    author    = "Chris T Bauch",
    title     = "Estimating the COVID-19 R number: a bargain with the devil?",
    year      = "2020",
    doi       = "10.1016/S1473-3099(20)30840-9"
}

@article{density,
    author    = "Patrick M. Tarwater",
    title     = "The effects of population density on the spread of disease",
    year      = "1999",
    doi       = "9929469"
}

@article{healthcare_capacity,
    author    = "Jahidur Rahman Khan, Nabil Awan, Md. Mazharul Islam, and Olav Muurlink6,*",
    title     = "Healthcare Capacity, Health Expenditure, and Civil Society as Predictors of COVID-19 Case Fatalities: A Global Analysis",
    year      = "2020",
    doi       = "10.3389/fpubh.2020.00347"
}

@article{social_distancing,
    author    = "Laura Matrajt and Tiffany Leung",
    title     = "Evaluating the Effectiveness of Social Distancing Interventions to Delay or Flatten the Epidemic Curve of Coronavirus Disease",
    year      = "2020",
    doi       = "10.3201/eid2608.201093"
}

@article{mask_wearing,
    author    = "Wei Lyu and George L. Wehby",
    title     = "Community Use Of Face Masks And COVID-19: Evidence From A Natural Experiment Of State Mandates In The USe",
    year      = "2020",
    doi       = "10.1377/hlthaff.2020.00818"
}

@article{who_guidelines,
    author    = "WHO Interim Guidelines",
    title     = "Infection prevention and control of epidemic- and pandemic-prone acute respiratory diseases in health care",
    year      = "2017"
}

@article{covid_lowdeath,
    author    = "Shima Hamidi, Sadegh Sabouri, and Reid Ewing",
    title     = "Does Density Aggravate the COVID-19 Pandemic?",
    year      = "2020",
    doi       = "10.1080/01944363.2020.1777891"
}

@article{covid_urban,
    author    = "Matthew Keegan",
    title     = "Why cities are not as bad for you as you think",
    year      = "2020",
    url       = "https://www.bbc.com/future/article/20201201-the-surprising-upsides-to-living-in-cities"
}

@article{flatten_curve,
    author    = "Sarah Zhang",
    title     = "The Simple Rule That Could Keep COVID-19 Deaths Down",
    year      = "2020",
    url      = "https://www.theatlantic.com/health/archive/2020/10/its-still-better-to-put-off-getting-covid-19/616919/"
}